<record xmlns="http://www.loc.gov/MARC21/slim" xmlns:xsi="http://www.w3.org/2001/XMLSchema-instance" xsi:schemaLocation="http://www.loc.gov/MARC21/slim http://www.loc.gov/standards/marcxml/schema/MARC21slim.xsd"><leader>00405nz   2200121n  4500</leader><controlfield tag="001">oca05391568 </controlfield><controlfield tag="005">20010110102026.0</controlfield><controlfield tag="008">010110n| acannaabn          |n aaa      </controlfield><datafield ind1=" " ind2=" " tag="010"><subfield code="a">n 2001026427</subfield></datafield><datafield ind1=" " ind2=" " tag="040"><subfield code="a">DLC</subfield><subfield code="b">eng</subfield><subfield code="c">DLC</subfield></datafield><datafield ind1="0" ind2=" " tag="100"><subfield code="a">Reposianus,</subfield><subfield code="d">3rd cent.</subfield></datafield><datafield ind1=" " ind2=" " tag="670"><subfield code="a">Cristante, Lucio. Reposiani Concubitus Martis et Veneris, 1999:</subfield><subfield code="b">p. 5 (Reposiano)</subfield></datafield><datafield ind1=" " ind2=" " tag="670"><subfield code="a">Oxford classical dict., 1949</subfield><subfield code="b">(Reposianus, 3rd. cent. A.D.)</subfield></datafield></record>